%YAML 1.1
%TAG !u! tag:unity3d.com,2011:
--- !u!29 &1
OcclusionCullingSettings:
  m_ObjectHideFlags: 0
  serializedVersion: 2
  m_OcclusionBakeSettings:
    smallestOccluder: 5
    smallestHole: 0.25
    backfaceThreshold: 100
  m_SceneGUID: 00000000000000000000000000000000
  m_OcclusionCullingData: {fileID: 0}
--- !u!104 &2
RenderSettings:
  m_ObjectHideFlags: 0
  serializedVersion: 9
  m_Fog: 0
  m_FogColor: {r: 0.5, g: 0.5, b: 0.5, a: 1}
  m_FogMode: 3
  m_FogDensity: 0.01
  m_LinearFogStart: 0
  m_LinearFogEnd: 300
  m_AmbientSkyColor: {r: 0.212, g: 0.227, b: 0.259, a: 1}
  m_AmbientEquatorColor: {r: 0.114, g: 0.125, b: 0.133, a: 1}
  m_AmbientGroundColor: {r: 0.047, g: 0.043, b: 0.035, a: 1}
  m_AmbientIntensity: 1
  m_AmbientMode: 3
  m_SubtractiveShadowColor: {r: 0.42, g: 0.478, b: 0.627, a: 1}
  m_SkyboxMaterial: {fileID: 0}
  m_HaloStrength: 0.5
  m_FlareStrength: 1
  m_FlareFadeSpeed: 3
  m_HaloTexture: {fileID: 0}
  m_SpotCookie: {fileID: 10001, guid: 0000000000000000e000000000000000, type: 0}
  m_DefaultReflectionMode: 0
  m_DefaultReflectionResolution: 128
  m_ReflectionBounces: 1
  m_ReflectionIntensity: 1
  m_CustomReflection: {fileID: 0}
  m_Sun: {fileID: 0}
  m_IndirectSpecularColor: {r: 0, g: 0, b: 0, a: 1}
  m_UseRadianceAmbientProbe: 0
--- !u!157 &3
LightmapSettings:
  m_ObjectHideFlags: 0
  serializedVersion: 11
  m_GIWorkflowMode: 1
  m_GISettings:
    serializedVersion: 2
    m_BounceScale: 1
    m_IndirectOutputScale: 1
    m_AlbedoBoost: 1
    m_EnvironmentLightingMode: 0
    m_EnableBakedLightmaps: 0
    m_EnableRealtimeLightmaps: 0
  m_LightmapEditorSettings:
    serializedVersion: 12
    m_Resolution: 2
    m_BakeResolution: 40
    m_AtlasSize: 1024
    m_AO: 0
    m_AOMaxDistance: 1
    m_CompAOExponent: 1
    m_CompAOExponentDirect: 0
    m_ExtractAmbientOcclusion: 0
    m_Padding: 2
    m_LightmapParameters: {fileID: 0}
    m_LightmapsBakeMode: 1
    m_TextureCompression: 1
    m_FinalGather: 0
    m_FinalGatherFiltering: 1
    m_FinalGatherRayCount: 256
    m_ReflectionCompression: 2
    m_MixedBakeMode: 2
    m_BakeBackend: 0
    m_PVRSampling: 1
    m_PVRDirectSampleCount: 32
    m_PVRSampleCount: 500
    m_PVRBounces: 2
    m_PVREnvironmentSampleCount: 500
    m_PVREnvironmentReferencePointCount: 2048
    m_PVRFilteringMode: 2
    m_PVRDenoiserTypeDirect: 0
    m_PVRDenoiserTypeIndirect: 0
    m_PVRDenoiserTypeAO: 0
    m_PVRFilterTypeDirect: 0
    m_PVRFilterTypeIndirect: 0
    m_PVRFilterTypeAO: 0
    m_PVREnvironmentMIS: 0
    m_PVRCulling: 1
    m_PVRFilteringGaussRadiusDirect: 1
    m_PVRFilteringGaussRadiusIndirect: 5
    m_PVRFilteringGaussRadiusAO: 2
    m_PVRFilteringAtrousPositionSigmaDirect: 0.5
    m_PVRFilteringAtrousPositionSigmaIndirect: 2
    m_PVRFilteringAtrousPositionSigmaAO: 1
    m_ExportTrainingData: 0
    m_TrainingDataDestination: TrainingData
    m_LightProbeSampleCountMultiplier: 4
  m_LightingDataAsset: {fileID: 0}
  m_UseShadowmask: 1
--- !u!196 &4
NavMeshSettings:
  serializedVersion: 2
  m_ObjectHideFlags: 0
  m_BuildSettings:
    serializedVersion: 2
    agentTypeID: 0
    agentRadius: 0.5
    agentHeight: 2
    agentSlope: 45
    agentClimb: 0.4
    ledgeDropHeight: 0
    maxJumpAcrossDistance: 0
    minRegionArea: 2
    manualCellSize: 0
    cellSize: 0.16666667
    manualTileSize: 0
    tileSize: 256
    accuratePlacement: 0
    debug:
      m_Flags: 0
  m_NavMeshData: {fileID: 0}
--- !u!1 &25226674
GameObject:
  m_ObjectHideFlags: 0
  m_CorrespondingSourceObject: {fileID: 0}
  m_PrefabInstance: {fileID: 0}
  m_PrefabAsset: {fileID: 0}
  serializedVersion: 6
  m_Component:
  - component: {fileID: 25226676}
  - component: {fileID: 25226675}
  m_Layer: 0
  m_Name: Grid
  m_TagString: Untagged
  m_Icon: {fileID: 0}
  m_NavMeshLayer: 0
  m_StaticEditorFlags: 0
  m_IsActive: 1
--- !u!156049354 &25226675
Grid:
  m_ObjectHideFlags: 0
  m_CorrespondingSourceObject: {fileID: 0}
  m_PrefabInstance: {fileID: 0}
  m_PrefabAsset: {fileID: 0}
  m_GameObject: {fileID: 25226674}
  m_Enabled: 1
  m_CellSize: {x: 1, y: 1, z: 0}
  m_CellGap: {x: 0, y: 0, z: 0}
  m_CellLayout: 0
  m_CellSwizzle: 0
--- !u!4 &25226676
Transform:
  m_ObjectHideFlags: 0
  m_CorrespondingSourceObject: {fileID: 0}
  m_PrefabInstance: {fileID: 0}
  m_PrefabAsset: {fileID: 0}
  m_GameObject: {fileID: 25226674}
  m_LocalRotation: {x: 0, y: 0, z: 0, w: 1}
  m_LocalPosition: {x: 0, y: 0, z: 0}
  m_LocalScale: {x: 1, y: 1, z: 1}
  m_Children: []
  m_Father: {fileID: 0}
  m_RootOrder: 2
  m_LocalEulerAnglesHint: {x: 0, y: 0, z: 0}
--- !u!4 &71835184 stripped
Transform:
  m_CorrespondingSourceObject: {fileID: 6895753605887975376, guid: 7bfcc67aff86d454ba8d25e79772b980,
    type: 3}
  m_PrefabInstance: {fileID: 827612945}
  m_PrefabAsset: {fileID: 0}
--- !u!4 &157169252 stripped
Transform:
  m_CorrespondingSourceObject: {fileID: 6895753605887975376, guid: 7bfcc67aff86d454ba8d25e79772b980,
    type: 3}
  m_PrefabInstance: {fileID: 1063877490}
  m_PrefabAsset: {fileID: 0}
--- !u!1001 &327020279
PrefabInstance:
  m_ObjectHideFlags: 0
  serializedVersion: 2
  m_Modification:
    m_TransformParent: {fileID: 2094475455}
    m_Modifications:
    - target: {fileID: 6895753605887975376, guid: 7bfcc67aff86d454ba8d25e79772b980,
        type: 3}
      propertyPath: m_RootOrder
      value: 4
      objectReference: {fileID: 0}
    - target: {fileID: 6895753605887975376, guid: 7bfcc67aff86d454ba8d25e79772b980,
        type: 3}
      propertyPath: m_LocalPosition.x
      value: -0.5151886
      objectReference: {fileID: 0}
    - target: {fileID: 6895753605887975376, guid: 7bfcc67aff86d454ba8d25e79772b980,
        type: 3}
      propertyPath: m_LocalPosition.y
      value: 38.560806
      objectReference: {fileID: 0}
    - target: {fileID: 6895753605887975376, guid: 7bfcc67aff86d454ba8d25e79772b980,
        type: 3}
      propertyPath: m_LocalPosition.z
      value: 14.595703
      objectReference: {fileID: 0}
    - target: {fileID: 6895753605887975376, guid: 7bfcc67aff86d454ba8d25e79772b980,
        type: 3}
      propertyPath: m_LocalRotation.w
      value: 1
      objectReference: {fileID: 0}
    - target: {fileID: 6895753605887975376, guid: 7bfcc67aff86d454ba8d25e79772b980,
        type: 3}
      propertyPath: m_LocalRotation.x
      value: -0
      objectReference: {fileID: 0}
    - target: {fileID: 6895753605887975376, guid: 7bfcc67aff86d454ba8d25e79772b980,
        type: 3}
      propertyPath: m_LocalRotation.y
      value: -0
      objectReference: {fileID: 0}
    - target: {fileID: 6895753605887975376, guid: 7bfcc67aff86d454ba8d25e79772b980,
        type: 3}
      propertyPath: m_LocalRotation.z
      value: -0
      objectReference: {fileID: 0}
    - target: {fileID: 6895753605887975376, guid: 7bfcc67aff86d454ba8d25e79772b980,
        type: 3}
      propertyPath: m_LocalEulerAnglesHint.x
      value: 0
      objectReference: {fileID: 0}
    - target: {fileID: 6895753605887975376, guid: 7bfcc67aff86d454ba8d25e79772b980,
        type: 3}
      propertyPath: m_LocalEulerAnglesHint.y
      value: 0
      objectReference: {fileID: 0}
    - target: {fileID: 6895753605887975376, guid: 7bfcc67aff86d454ba8d25e79772b980,
        type: 3}
      propertyPath: m_LocalEulerAnglesHint.z
      value: 0
      objectReference: {fileID: 0}
    - target: {fileID: 6895753605887975377, guid: 7bfcc67aff86d454ba8d25e79772b980,
        type: 3}
      propertyPath: m_Name
      value: Circle3
      objectReference: {fileID: 0}
    - target: {fileID: 6895753605981459693, guid: 7bfcc67aff86d454ba8d25e79772b980,
        type: 3}
      propertyPath: m_IsTrigger
      value: 0
      objectReference: {fileID: 0}
    - target: {fileID: 6895753606006507913, guid: 7bfcc67aff86d454ba8d25e79772b980,
        type: 3}
      propertyPath: m_IsTrigger
      value: 0
      objectReference: {fileID: 0}
    - target: {fileID: 6895753606522340558, guid: 7bfcc67aff86d454ba8d25e79772b980,
        type: 3}
      propertyPath: m_IsTrigger
      value: 0
      objectReference: {fileID: 0}
    - target: {fileID: 6895753607794468493, guid: 7bfcc67aff86d454ba8d25e79772b980,
        type: 3}
      propertyPath: m_IsTrigger
      value: 0
      objectReference: {fileID: 0}
    m_RemovedComponents: []
  m_SourcePrefab: {fileID: 100100000, guid: 7bfcc67aff86d454ba8d25e79772b980, type: 3}
--- !u!1 &426223030
GameObject:
  m_ObjectHideFlags: 0
  m_CorrespondingSourceObject: {fileID: 0}
  m_PrefabInstance: {fileID: 0}
  m_PrefabAsset: {fileID: 0}
  serializedVersion: 6
  m_Component:
  - component: {fileID: 426223032}
  - component: {fileID: 426223031}
  m_Layer: 0
  m_Name: GameManager
  m_TagString: Untagged
  m_Icon: {fileID: 0}
  m_NavMeshLayer: 0
  m_StaticEditorFlags: 0
  m_IsActive: 1
--- !u!114 &426223031
MonoBehaviour:
  m_ObjectHideFlags: 0
  m_CorrespondingSourceObject: {fileID: 0}
  m_PrefabInstance: {fileID: 0}
  m_PrefabAsset: {fileID: 0}
  m_GameObject: {fileID: 426223030}
  m_Enabled: 1
  m_EditorHideFlags: 0
  m_Script: {fileID: 11500000, guid: 998aaf9bcff41064f9b92e2f0b3ec187, type: 3}
  m_Name: 
  m_EditorClassIdentifier: 
--- !u!4 &426223032
Transform:
  m_ObjectHideFlags: 0
  m_CorrespondingSourceObject: {fileID: 0}
  m_PrefabInstance: {fileID: 0}
  m_PrefabAsset: {fileID: 0}
  m_GameObject: {fileID: 426223030}
  m_LocalRotation: {x: 0, y: 0, z: 0, w: 1}
  m_LocalPosition: {x: -0.72802216, y: 43.521416, z: -21.71875}
  m_LocalScale: {x: 1, y: 1, z: 1}
  m_Children: []
  m_Father: {fileID: 0}
  m_RootOrder: 0
  m_LocalEulerAnglesHint: {x: 0, y: 0, z: 0}
--- !u!4 &436625479 stripped
Transform:
  m_CorrespondingSourceObject: {fileID: 6895753605887975376, guid: 7bfcc67aff86d454ba8d25e79772b980,
    type: 3}
  m_PrefabInstance: {fileID: 439507589}
  m_PrefabAsset: {fileID: 0}
--- !u!1001 &439507589
PrefabInstance:
  m_ObjectHideFlags: 0
  serializedVersion: 2
  m_Modification:
    m_TransformParent: {fileID: 1401690767}
    m_Modifications:
    - target: {fileID: 6895753605887975376, guid: 7bfcc67aff86d454ba8d25e79772b980,
        type: 3}
      propertyPath: m_RootOrder
      value: 0
      objectReference: {fileID: 0}
    - target: {fileID: 6895753605887975376, guid: 7bfcc67aff86d454ba8d25e79772b980,
        type: 3}
      propertyPath: m_LocalScale.x
      value: 0.9
      objectReference: {fileID: 0}
    - target: {fileID: 6895753605887975376, guid: 7bfcc67aff86d454ba8d25e79772b980,
        type: 3}
      propertyPath: m_LocalScale.y
      value: 0.9
      objectReference: {fileID: 0}
    - target: {fileID: 6895753605887975376, guid: 7bfcc67aff86d454ba8d25e79772b980,
        type: 3}
      propertyPath: m_LocalScale.z
      value: 0.9
      objectReference: {fileID: 0}
    - target: {fileID: 6895753605887975376, guid: 7bfcc67aff86d454ba8d25e79772b980,
        type: 3}
      propertyPath: m_LocalPosition.x
      value: 0.4855735
      objectReference: {fileID: 0}
    - target: {fileID: 6895753605887975376, guid: 7bfcc67aff86d454ba8d25e79772b980,
        type: 3}
      propertyPath: m_LocalPosition.y
      value: -0.44782972
      objectReference: {fileID: 0}
    - target: {fileID: 6895753605887975376, guid: 7bfcc67aff86d454ba8d25e79772b980,
        type: 3}
      propertyPath: m_LocalPosition.z
      value: 1.7457964
      objectReference: {fileID: 0}
    - target: {fileID: 6895753605887975376, guid: 7bfcc67aff86d454ba8d25e79772b980,
        type: 3}
      propertyPath: m_LocalRotation.w
      value: 1
      objectReference: {fileID: 0}
    - target: {fileID: 6895753605887975376, guid: 7bfcc67aff86d454ba8d25e79772b980,
        type: 3}
      propertyPath: m_LocalRotation.x
      value: -0
      objectReference: {fileID: 0}
    - target: {fileID: 6895753605887975376, guid: 7bfcc67aff86d454ba8d25e79772b980,
        type: 3}
      propertyPath: m_LocalRotation.y
      value: -0
      objectReference: {fileID: 0}
    - target: {fileID: 6895753605887975376, guid: 7bfcc67aff86d454ba8d25e79772b980,
        type: 3}
      propertyPath: m_LocalRotation.z
      value: -0
      objectReference: {fileID: 0}
    - target: {fileID: 6895753605887975376, guid: 7bfcc67aff86d454ba8d25e79772b980,
        type: 3}
      propertyPath: m_LocalEulerAnglesHint.x
      value: 0
      objectReference: {fileID: 0}
    - target: {fileID: 6895753605887975376, guid: 7bfcc67aff86d454ba8d25e79772b980,
        type: 3}
      propertyPath: m_LocalEulerAnglesHint.y
      value: 0
      objectReference: {fileID: 0}
    - target: {fileID: 6895753605887975376, guid: 7bfcc67aff86d454ba8d25e79772b980,
        type: 3}
      propertyPath: m_LocalEulerAnglesHint.z
      value: 0
      objectReference: {fileID: 0}
    - target: {fileID: 6895753605887975377, guid: 7bfcc67aff86d454ba8d25e79772b980,
        type: 3}
      propertyPath: m_Name
      value: InnerCircle
      objectReference: {fileID: 0}
    - target: {fileID: 6895753605981459693, guid: 7bfcc67aff86d454ba8d25e79772b980,
        type: 3}
      propertyPath: m_IsTrigger
      value: 0
      objectReference: {fileID: 0}
    - target: {fileID: 6895753606006507913, guid: 7bfcc67aff86d454ba8d25e79772b980,
        type: 3}
      propertyPath: m_IsTrigger
      value: 0
      objectReference: {fileID: 0}
    - target: {fileID: 6895753606522340558, guid: 7bfcc67aff86d454ba8d25e79772b980,
        type: 3}
      propertyPath: m_IsTrigger
      value: 0
      objectReference: {fileID: 0}
    - target: {fileID: 6895753607794468493, guid: 7bfcc67aff86d454ba8d25e79772b980,
        type: 3}
      propertyPath: m_IsTrigger
      value: 0
      objectReference: {fileID: 0}
    m_RemovedComponents: []
  m_SourcePrefab: {fileID: 100100000, guid: 7bfcc67aff86d454ba8d25e79772b980, type: 3}
--- !u!1 &519420028
GameObject:
  m_ObjectHideFlags: 0
  m_CorrespondingSourceObject: {fileID: 0}
  m_PrefabInstance: {fileID: 0}
  m_PrefabAsset: {fileID: 0}
  serializedVersion: 6
  m_Component:
  - component: {fileID: 519420032}
  - component: {fileID: 519420031}
  - component: {fileID: 519420029}
  - component: {fileID: 519420030}
  m_Layer: 0
  m_Name: Main Camera
  m_TagString: MainCamera
  m_Icon: {fileID: 0}
  m_NavMeshLayer: 0
  m_StaticEditorFlags: 0
  m_IsActive: 1
--- !u!81 &519420029
AudioListener:
  m_ObjectHideFlags: 0
  m_CorrespondingSourceObject: {fileID: 0}
  m_PrefabInstance: {fileID: 0}
  m_PrefabAsset: {fileID: 0}
  m_GameObject: {fileID: 519420028}
  m_Enabled: 1
--- !u!114 &519420030
MonoBehaviour:
  m_ObjectHideFlags: 0
  m_CorrespondingSourceObject: {fileID: 0}
  m_PrefabInstance: {fileID: 0}
  m_PrefabAsset: {fileID: 0}
  m_GameObject: {fileID: 519420028}
  m_Enabled: 1
  m_EditorHideFlags: 0
  m_Script: {fileID: 11500000, guid: 5a164e4339023dc4bae55f9a2ce5615e, type: 3}
  m_Name: 
  m_EditorClassIdentifier: 
  player: {fileID: 816838333}
--- !u!20 &519420031
Camera:
  m_ObjectHideFlags: 0
  m_CorrespondingSourceObject: {fileID: 0}
  m_PrefabInstance: {fileID: 0}
  m_PrefabAsset: {fileID: 0}
  m_GameObject: {fileID: 519420028}
  m_Enabled: 1
  serializedVersion: 2
  m_ClearFlags: 2
  m_BackGroundColor: {r: 0, g: 0, b: 0, a: 0}
  m_projectionMatrixMode: 1
  m_GateFitMode: 2
  m_FOVAxisMode: 0
  m_SensorSize: {x: 36, y: 24}
  m_LensShift: {x: 0, y: 0}
  m_FocalLength: 50
  m_NormalizedViewPortRect:
    serializedVersion: 2
    x: 0
    y: 0
    width: 1
    height: 1
  near clip plane: 0.3
  far clip plane: 1000
  field of view: 60
  orthographic: 1
  orthographic size: 5
  m_Depth: -1
  m_CullingMask:
    serializedVersion: 2
    m_Bits: 4294967295
  m_RenderingPath: -1
  m_TargetTexture: {fileID: 0}
  m_TargetDisplay: 0
  m_TargetEye: 0
  m_HDR: 1
  m_AllowMSAA: 0
  m_AllowDynamicResolution: 0
  m_ForceIntoRT: 0
  m_OcclusionCulling: 0
  m_StereoConvergence: 10
  m_StereoSeparation: 0.022
--- !u!4 &519420032
Transform:
  m_ObjectHideFlags: 0
  m_CorrespondingSourceObject: {fileID: 0}
  m_PrefabInstance: {fileID: 0}
  m_PrefabAsset: {fileID: 0}
  m_GameObject: {fileID: 519420028}
  m_LocalRotation: {x: 0, y: 0, z: 0, w: 1}
  m_LocalPosition: {x: 0, y: 0, z: -10}
  m_LocalScale: {x: 1, y: 1, z: 1}
  m_Children: []
  m_Father: {fileID: 0}
  m_RootOrder: 1
  m_LocalEulerAnglesHint: {x: 0, y: 0, z: 0}
--- !u!4 &564041474 stripped
Transform:
  m_CorrespondingSourceObject: {fileID: 6895753605887975376, guid: 7bfcc67aff86d454ba8d25e79772b980,
    type: 3}
  m_PrefabInstance: {fileID: 1985786825}
  m_PrefabAsset: {fileID: 0}
--- !u!4 &627156964 stripped
Transform:
  m_CorrespondingSourceObject: {fileID: 6895753605887975376, guid: 7bfcc67aff86d454ba8d25e79772b980,
    type: 3}
  m_PrefabInstance: {fileID: 327020279}
  m_PrefabAsset: {fileID: 0}
--- !u!4 &737555485 stripped
Transform:
  m_CorrespondingSourceObject: {fileID: 6895753605887975376, guid: 7bfcc67aff86d454ba8d25e79772b980,
    type: 3}
  m_PrefabInstance: {fileID: 1169312014}
  m_PrefabAsset: {fileID: 0}
--- !u!1 &766984458
GameObject:
  m_ObjectHideFlags: 0
  m_CorrespondingSourceObject: {fileID: 0}
  m_PrefabInstance: {fileID: 0}
  m_PrefabAsset: {fileID: 0}
  serializedVersion: 6
  m_Component:
  - component: {fileID: 766984459}
  m_Layer: 0
  m_Name: DoubleCircle2
  m_TagString: Untagged
  m_Icon: {fileID: 0}
  m_NavMeshLayer: 0
  m_StaticEditorFlags: 0
  m_IsActive: 1
--- !u!4 &766984459
Transform:
  m_ObjectHideFlags: 0
  m_CorrespondingSourceObject: {fileID: 0}
  m_PrefabInstance: {fileID: 0}
  m_PrefabAsset: {fileID: 0}
  m_GameObject: {fileID: 766984458}
  m_LocalRotation: {x: -0, y: -0, z: -0, w: 1}
  m_LocalPosition: {x: -1.0007621, y: 33.100807, z: 12.849907}
  m_LocalScale: {x: 1, y: 1, z: 1}
  m_Children:
  - {fileID: 71835184}
  - {fileID: 157169252}
  m_Father: {fileID: 2094475455}
  m_RootOrder: 6
  m_LocalEulerAnglesHint: {x: 0, y: 0, z: 0}
--- !u!1 &816838330
GameObject:
  m_ObjectHideFlags: 0
  m_CorrespondingSourceObject: {fileID: 0}
  m_PrefabInstance: {fileID: 0}
  m_PrefabAsset: {fileID: 0}
  serializedVersion: 6
  m_Component:
  - component: {fileID: 816838333}
  - component: {fileID: 816838332}
  - component: {fileID: 816838331}
  - component: {fileID: 816838334}
  - component: {fileID: 816838335}
  m_Layer: 0
  m_Name: Player
  m_TagString: Pink
  m_Icon: {fileID: 0}
  m_NavMeshLayer: 0
  m_StaticEditorFlags: 0
  m_IsActive: 1
--- !u!50 &816838331
Rigidbody2D:
  serializedVersion: 4
  m_ObjectHideFlags: 0
  m_CorrespondingSourceObject: {fileID: 0}
  m_PrefabInstance: {fileID: 0}
  m_PrefabAsset: {fileID: 0}
  m_GameObject: {fileID: 816838330}
  m_BodyType: 0
  m_Simulated: 1
  m_UseFullKinematicContacts: 0
  m_UseAutoMass: 0
  m_Mass: 1
  m_LinearDrag: 0
  m_AngularDrag: 0.05
  m_GravityScale: 1
  m_Material: {fileID: 0}
  m_Interpolate: 0
  m_SleepingMode: 2
  m_CollisionDetection: 0
  m_Constraints: 5
--- !u!212 &816838332
SpriteRenderer:
  m_ObjectHideFlags: 0
  m_CorrespondingSourceObject: {fileID: 0}
  m_PrefabInstance: {fileID: 0}
  m_PrefabAsset: {fileID: 0}
  m_GameObject: {fileID: 816838330}
  m_Enabled: 1
  m_CastShadows: 0
  m_ReceiveShadows: 0
  m_DynamicOccludee: 1
  m_MotionVectors: 1
  m_LightProbeUsage: 1
  m_ReflectionProbeUsage: 1
  m_RayTracingMode: 0
  m_RenderingLayerMask: 1
  m_RendererPriority: 0
  m_Materials:
  - {fileID: 10754, guid: 0000000000000000f000000000000000, type: 0}
  m_StaticBatchInfo:
    firstSubMesh: 0
    subMeshCount: 0
  m_StaticBatchRoot: {fileID: 0}
  m_ProbeAnchor: {fileID: 0}
  m_LightProbeVolumeOverride: {fileID: 0}
  m_ScaleInLightmap: 1
  m_ReceiveGI: 1
  m_PreserveUVs: 0
  m_IgnoreNormalsForChartDetection: 0
  m_ImportantGI: 0
  m_StitchLightmapSeams: 1
  m_SelectedEditorRenderState: 0
  m_MinimumChartSize: 4
  m_AutoUVMaxDistance: 0.5
  m_AutoUVMaxAngle: 89
  m_LightmapParameters: {fileID: 0}
  m_SortingLayerID: 261271065
  m_SortingLayer: 1
  m_SortingOrder: 0
  m_Sprite: {fileID: 10913, guid: 0000000000000000f000000000000000, type: 0}
  m_Color: {r: 1, g: 1, b: 1, a: 1}
  m_FlipX: 0
  m_FlipY: 0
  m_DrawMode: 0
  m_Size: {x: 0.2, y: 0.2}
  m_AdaptiveModeThreshold: 0.5
  m_SpriteTileMode: 0
  m_WasSpriteAssigned: 1
  m_MaskInteraction: 0
  m_SpriteSortPoint: 0
--- !u!4 &816838333
Transform:
  m_ObjectHideFlags: 0
  m_CorrespondingSourceObject: {fileID: 0}
  m_PrefabInstance: {fileID: 0}
  m_PrefabAsset: {fileID: 0}
  m_GameObject: {fileID: 816838330}
  m_LocalRotation: {x: 0, y: 0, z: 0, w: 1}
  m_LocalPosition: {x: 0, y: -4, z: 0}
  m_LocalScale: {x: 2, y: 2, z: 2}
  m_Children: []
  m_Father: {fileID: 0}
  m_RootOrder: 3
  m_LocalEulerAnglesHint: {x: 0, y: 0, z: 0}
--- !u!114 &816838334
MonoBehaviour:
  m_ObjectHideFlags: 0
  m_CorrespondingSourceObject: {fileID: 0}
  m_PrefabInstance: {fileID: 0}
  m_PrefabAsset: {fileID: 0}
  m_GameObject: {fileID: 816838330}
  m_Enabled: 1
  m_EditorHideFlags: 0
  m_Script: {fileID: 11500000, guid: 1116fa79ba801404cbe2178e2e7c4286, type: 3}
  m_Name: 
  m_EditorClassIdentifier: 
--- !u!58 &816838335
CircleCollider2D:
  m_ObjectHideFlags: 0
  m_CorrespondingSourceObject: {fileID: 0}
  m_PrefabInstance: {fileID: 0}
  m_PrefabAsset: {fileID: 0}
  m_GameObject: {fileID: 816838330}
  m_Enabled: 1
  m_Density: 1
  m_Material: {fileID: 0}
  m_IsTrigger: 1
  m_UsedByEffector: 0
  m_UsedByComposite: 0
  m_Offset: {x: 0, y: 0}
  serializedVersion: 2
  m_Radius: 0.1
--- !u!1001 &827612945
PrefabInstance:
  m_ObjectHideFlags: 0
  serializedVersion: 2
  m_Modification:
    m_TransformParent: {fileID: 766984459}
    m_Modifications:
    - target: {fileID: 6895753605887975376, guid: 7bfcc67aff86d454ba8d25e79772b980,
        type: 3}
      propertyPath: m_RootOrder
      value: 0
      objectReference: {fileID: 0}
    - target: {fileID: 6895753605887975376, guid: 7bfcc67aff86d454ba8d25e79772b980,
        type: 3}
      propertyPath: m_LocalScale.x
      value: 0.9
      objectReference: {fileID: 0}
    - target: {fileID: 6895753605887975376, guid: 7bfcc67aff86d454ba8d25e79772b980,
        type: 3}
      propertyPath: m_LocalScale.y
      value: 0.9
      objectReference: {fileID: 0}
    - target: {fileID: 6895753605887975376, guid: 7bfcc67aff86d454ba8d25e79772b980,
        type: 3}
      propertyPath: m_LocalScale.z
      value: 0.9
      objectReference: {fileID: 0}
    - target: {fileID: 6895753605887975376, guid: 7bfcc67aff86d454ba8d25e79772b980,
        type: 3}
      propertyPath: m_LocalPosition.x
      value: 0.4855735
      objectReference: {fileID: 0}
    - target: {fileID: 6895753605887975376, guid: 7bfcc67aff86d454ba8d25e79772b980,
        type: 3}
      propertyPath: m_LocalPosition.y
      value: -0.44782972
      objectReference: {fileID: 0}
    - target: {fileID: 6895753605887975376, guid: 7bfcc67aff86d454ba8d25e79772b980,
        type: 3}
      propertyPath: m_LocalPosition.z
      value: 1.7457964
      objectReference: {fileID: 0}
    - target: {fileID: 6895753605887975376, guid: 7bfcc67aff86d454ba8d25e79772b980,
        type: 3}
      propertyPath: m_LocalRotation.w
      value: 1
      objectReference: {fileID: 0}
    - target: {fileID: 6895753605887975376, guid: 7bfcc67aff86d454ba8d25e79772b980,
        type: 3}
      propertyPath: m_LocalRotation.x
      value: -0
      objectReference: {fileID: 0}
    - target: {fileID: 6895753605887975376, guid: 7bfcc67aff86d454ba8d25e79772b980,
        type: 3}
      propertyPath: m_LocalRotation.y
      value: -0
      objectReference: {fileID: 0}
    - target: {fileID: 6895753605887975376, guid: 7bfcc67aff86d454ba8d25e79772b980,
        type: 3}
      propertyPath: m_LocalRotation.z
      value: -0
      objectReference: {fileID: 0}
    - target: {fileID: 6895753605887975376, guid: 7bfcc67aff86d454ba8d25e79772b980,
        type: 3}
      propertyPath: m_LocalEulerAnglesHint.x
      value: 0
      objectReference: {fileID: 0}
    - target: {fileID: 6895753605887975376, guid: 7bfcc67aff86d454ba8d25e79772b980,
        type: 3}
      propertyPath: m_LocalEulerAnglesHint.y
      value: 0
      objectReference: {fileID: 0}
    - target: {fileID: 6895753605887975376, guid: 7bfcc67aff86d454ba8d25e79772b980,
        type: 3}
      propertyPath: m_LocalEulerAnglesHint.z
      value: 0
      objectReference: {fileID: 0}
    - target: {fileID: 6895753605887975377, guid: 7bfcc67aff86d454ba8d25e79772b980,
        type: 3}
      propertyPath: m_Name
      value: InnerCircle
      objectReference: {fileID: 0}
    - target: {fileID: 6895753605981459693, guid: 7bfcc67aff86d454ba8d25e79772b980,
        type: 3}
      propertyPath: m_IsTrigger
      value: 0
      objectReference: {fileID: 0}
    - target: {fileID: 6895753606006507913, guid: 7bfcc67aff86d454ba8d25e79772b980,
        type: 3}
      propertyPath: m_IsTrigger
      value: 0
      objectReference: {fileID: 0}
    - target: {fileID: 6895753606522340558, guid: 7bfcc67aff86d454ba8d25e79772b980,
        type: 3}
      propertyPath: m_IsTrigger
      value: 0
      objectReference: {fileID: 0}
    - target: {fileID: 6895753607794468493, guid: 7bfcc67aff86d454ba8d25e79772b980,
        type: 3}
      propertyPath: m_IsTrigger
      value: 0
      objectReference: {fileID: 0}
    m_RemovedComponents: []
  m_SourcePrefab: {fileID: 100100000, guid: 7bfcc67aff86d454ba8d25e79772b980, type: 3}
--- !u!1001 &1063877490
PrefabInstance:
  m_ObjectHideFlags: 0
  serializedVersion: 2
  m_Modification:
    m_TransformParent: {fileID: 766984459}
    m_Modifications:
    - target: {fileID: 6895753605887975376, guid: 7bfcc67aff86d454ba8d25e79772b980,
        type: 3}
      propertyPath: m_RootOrder
      value: 1
      objectReference: {fileID: 0}
    - target: {fileID: 6895753605887975376, guid: 7bfcc67aff86d454ba8d25e79772b980,
        type: 3}
      propertyPath: m_LocalScale.x
      value: 1.3
      objectReference: {fileID: 0}
    - target: {fileID: 6895753605887975376, guid: 7bfcc67aff86d454ba8d25e79772b980,
        type: 3}
      propertyPath: m_LocalScale.y
      value: 1.3
      objectReference: {fileID: 0}
    - target: {fileID: 6895753605887975376, guid: 7bfcc67aff86d454ba8d25e79772b980,
        type: 3}
      propertyPath: m_LocalScale.z
      value: 1.3
      objectReference: {fileID: 0}
    - target: {fileID: 6895753605887975376, guid: 7bfcc67aff86d454ba8d25e79772b980,
        type: 3}
      propertyPath: m_LocalPosition.x
      value: 0.4855735
      objectReference: {fileID: 0}
    - target: {fileID: 6895753605887975376, guid: 7bfcc67aff86d454ba8d25e79772b980,
        type: 3}
      propertyPath: m_LocalPosition.y
      value: -0.44782972
      objectReference: {fileID: 0}
    - target: {fileID: 6895753605887975376, guid: 7bfcc67aff86d454ba8d25e79772b980,
        type: 3}
      propertyPath: m_LocalPosition.z
      value: 1.7457964
      objectReference: {fileID: 0}
    - target: {fileID: 6895753605887975376, guid: 7bfcc67aff86d454ba8d25e79772b980,
        type: 3}
      propertyPath: m_LocalRotation.w
      value: 1
      objectReference: {fileID: 0}
    - target: {fileID: 6895753605887975376, guid: 7bfcc67aff86d454ba8d25e79772b980,
        type: 3}
      propertyPath: m_LocalRotation.x
      value: -0
      objectReference: {fileID: 0}
    - target: {fileID: 6895753605887975376, guid: 7bfcc67aff86d454ba8d25e79772b980,
        type: 3}
      propertyPath: m_LocalRotation.y
      value: -0
      objectReference: {fileID: 0}
    - target: {fileID: 6895753605887975376, guid: 7bfcc67aff86d454ba8d25e79772b980,
        type: 3}
      propertyPath: m_LocalRotation.z
      value: -0
      objectReference: {fileID: 0}
    - target: {fileID: 6895753605887975376, guid: 7bfcc67aff86d454ba8d25e79772b980,
        type: 3}
      propertyPath: m_LocalEulerAnglesHint.x
      value: 0
      objectReference: {fileID: 0}
    - target: {fileID: 6895753605887975376, guid: 7bfcc67aff86d454ba8d25e79772b980,
        type: 3}
      propertyPath: m_LocalEulerAnglesHint.y
      value: 0
      objectReference: {fileID: 0}
    - target: {fileID: 6895753605887975376, guid: 7bfcc67aff86d454ba8d25e79772b980,
        type: 3}
      propertyPath: m_LocalEulerAnglesHint.z
      value: 0
      objectReference: {fileID: 0}
    - target: {fileID: 6895753605887975377, guid: 7bfcc67aff86d454ba8d25e79772b980,
        type: 3}
      propertyPath: m_Name
      value: OuterCircle
      objectReference: {fileID: 0}
    - target: {fileID: 6895753605981459693, guid: 7bfcc67aff86d454ba8d25e79772b980,
        type: 3}
      propertyPath: m_IsTrigger
      value: 0
      objectReference: {fileID: 0}
    - target: {fileID: 6895753606006507913, guid: 7bfcc67aff86d454ba8d25e79772b980,
        type: 3}
      propertyPath: m_IsTrigger
      value: 0
      objectReference: {fileID: 0}
    - target: {fileID: 6895753606522340558, guid: 7bfcc67aff86d454ba8d25e79772b980,
        type: 3}
      propertyPath: m_IsTrigger
      value: 0
      objectReference: {fileID: 0}
    - target: {fileID: 6895753607794468493, guid: 7bfcc67aff86d454ba8d25e79772b980,
        type: 3}
      propertyPath: m_IsTrigger
      value: 0
      objectReference: {fileID: 0}
    m_RemovedComponents: []
  m_SourcePrefab: {fileID: 100100000, guid: 7bfcc67aff86d454ba8d25e79772b980, type: 3}
--- !u!1 &1155272949
GameObject:
  m_ObjectHideFlags: 0
  m_CorrespondingSourceObject: {fileID: 0}
  m_PrefabInstance: {fileID: 0}
  m_PrefabAsset: {fileID: 0}
  serializedVersion: 6
  m_Component:
  - component: {fileID: 1155272952}
  - component: {fileID: 1155272951}
  - component: {fileID: 1155272950}
  m_Layer: 0
  m_Name: ChangeColor2
  m_TagString: ChangeColor
  m_Icon: {fileID: 0}
  m_NavMeshLayer: 0
  m_StaticEditorFlags: 0
  m_IsActive: 1
--- !u!58 &1155272950
CircleCollider2D:
  m_ObjectHideFlags: 0
  m_CorrespondingSourceObject: {fileID: 0}
  m_PrefabInstance: {fileID: 0}
  m_PrefabAsset: {fileID: 0}
  m_GameObject: {fileID: 1155272949}
  m_Enabled: 1
  m_Density: 1
  m_Material: {fileID: 0}
  m_IsTrigger: 1
  m_UsedByEffector: 0
  m_UsedByComposite: 0
  m_Offset: {x: 0, y: 0}
  serializedVersion: 2
  m_Radius: 0.325
--- !u!212 &1155272951
SpriteRenderer:
  m_ObjectHideFlags: 0
  m_CorrespondingSourceObject: {fileID: 0}
  m_PrefabInstance: {fileID: 0}
  m_PrefabAsset: {fileID: 0}
  m_GameObject: {fileID: 1155272949}
  m_Enabled: 1
  m_CastShadows: 0
  m_ReceiveShadows: 0
  m_DynamicOccludee: 1
  m_MotionVectors: 1
  m_LightProbeUsage: 1
  m_ReflectionProbeUsage: 1
  m_RayTracingMode: 0
  m_RenderingLayerMask: 1
  m_RendererPriority: 0
  m_Materials:
  - {fileID: 10754, guid: 0000000000000000f000000000000000, type: 0}
  m_StaticBatchInfo:
    firstSubMesh: 0
    subMeshCount: 0
  m_StaticBatchRoot: {fileID: 0}
  m_ProbeAnchor: {fileID: 0}
  m_LightProbeVolumeOverride: {fileID: 0}
  m_ScaleInLightmap: 1
  m_ReceiveGI: 1
  m_PreserveUVs: 0
  m_IgnoreNormalsForChartDetection: 0
  m_ImportantGI: 0
  m_StitchLightmapSeams: 1
  m_SelectedEditorRenderState: 0
  m_MinimumChartSize: 4
  m_AutoUVMaxDistance: 0.5
  m_AutoUVMaxAngle: 89
  m_LightmapParameters: {fileID: 0}
  m_SortingLayerID: 0
  m_SortingLayer: 0
  m_SortingOrder: 0
  m_Sprite: {fileID: 21300000, guid: 969e5b0cbb489a148bb12bdef261081b, type: 3}
  m_Color: {r: 1, g: 1, b: 1, a: 1}
  m_FlipX: 0
  m_FlipY: 0
  m_DrawMode: 0
  m_Size: {x: 0.65, y: 0.62}
  m_AdaptiveModeThreshold: 0.5
  m_SpriteTileMode: 0
  m_WasSpriteAssigned: 1
  m_MaskInteraction: 0
  m_SpriteSortPoint: 0
--- !u!4 &1155272952
Transform:
  m_ObjectHideFlags: 0
  m_CorrespondingSourceObject: {fileID: 0}
  m_PrefabInstance: {fileID: 0}
  m_PrefabAsset: {fileID: 0}
  m_GameObject: {fileID: 1155272949}
  m_LocalRotation: {x: -0, y: -0, z: -0, w: 1}
  m_LocalPosition: {x: -0.5151886, y: 27.400806, z: 14.595703}
  m_LocalScale: {x: 1, y: 1, z: 1}
  m_Children: []
  m_Father: {fileID: 2094475455}
  m_RootOrder: 1
  m_LocalEulerAnglesHint: {x: 0, y: 0, z: 0}
--- !u!1001 &1169312014
PrefabInstance:
  m_ObjectHideFlags: 0
  serializedVersion: 2
  m_Modification:
    m_TransformParent: {fileID: 1332324230}
    m_Modifications:
    - target: {fileID: 6895753605887975376, guid: 7bfcc67aff86d454ba8d25e79772b980,
        type: 3}
      propertyPath: m_RootOrder
      value: 1
      objectReference: {fileID: 0}
    - target: {fileID: 6895753605887975376, guid: 7bfcc67aff86d454ba8d25e79772b980,
        type: 3}
      propertyPath: m_LocalPosition.x
      value: 2.51
      objectReference: {fileID: 0}
    - target: {fileID: 6895753605887975376, guid: 7bfcc67aff86d454ba8d25e79772b980,
        type: 3}
      propertyPath: m_LocalPosition.y
      value: 8.69
      objectReference: {fileID: 0}
    - target: {fileID: 6895753605887975376, guid: 7bfcc67aff86d454ba8d25e79772b980,
        type: 3}
      propertyPath: m_LocalPosition.z
      value: 8.199219
      objectReference: {fileID: 0}
    - target: {fileID: 6895753605887975376, guid: 7bfcc67aff86d454ba8d25e79772b980,
        type: 3}
      propertyPath: m_LocalRotation.w
      value: 1
      objectReference: {fileID: 0}
    - target: {fileID: 6895753605887975376, guid: 7bfcc67aff86d454ba8d25e79772b980,
        type: 3}
      propertyPath: m_LocalRotation.x
      value: -0
      objectReference: {fileID: 0}
    - target: {fileID: 6895753605887975376, guid: 7bfcc67aff86d454ba8d25e79772b980,
        type: 3}
      propertyPath: m_LocalRotation.y
      value: -0
      objectReference: {fileID: 0}
    - target: {fileID: 6895753605887975376, guid: 7bfcc67aff86d454ba8d25e79772b980,
        type: 3}
      propertyPath: m_LocalRotation.z
      value: -0
      objectReference: {fileID: 0}
    - target: {fileID: 6895753605887975376, guid: 7bfcc67aff86d454ba8d25e79772b980,
        type: 3}
      propertyPath: m_LocalEulerAnglesHint.x
      value: 0
      objectReference: {fileID: 0}
    - target: {fileID: 6895753605887975376, guid: 7bfcc67aff86d454ba8d25e79772b980,
        type: 3}
      propertyPath: m_LocalEulerAnglesHint.y
      value: 0
      objectReference: {fileID: 0}
    - target: {fileID: 6895753605887975376, guid: 7bfcc67aff86d454ba8d25e79772b980,
        type: 3}
      propertyPath: m_LocalEulerAnglesHint.z
      value: 0
      objectReference: {fileID: 0}
    - target: {fileID: 6895753605887975377, guid: 7bfcc67aff86d454ba8d25e79772b980,
        type: 3}
      propertyPath: m_Name
      value: SecondCircle
      objectReference: {fileID: 0}
    - target: {fileID: 6895753605981459693, guid: 7bfcc67aff86d454ba8d25e79772b980,
        type: 3}
      propertyPath: m_IsTrigger
      value: 0
      objectReference: {fileID: 0}
    - target: {fileID: 6895753606006507913, guid: 7bfcc67aff86d454ba8d25e79772b980,
        type: 3}
      propertyPath: m_IsTrigger
      value: 0
      objectReference: {fileID: 0}
    - target: {fileID: 6895753606522340558, guid: 7bfcc67aff86d454ba8d25e79772b980,
        type: 3}
      propertyPath: m_IsTrigger
      value: 0
      objectReference: {fileID: 0}
    - target: {fileID: 6895753607794468493, guid: 7bfcc67aff86d454ba8d25e79772b980,
        type: 3}
      propertyPath: m_IsTrigger
      value: 0
      objectReference: {fileID: 0}
    m_RemovedComponents: []
  m_SourcePrefab: {fileID: 100100000, guid: 7bfcc67aff86d454ba8d25e79772b980, type: 3}
--- !u!1 &1332324229
GameObject:
  m_ObjectHideFlags: 0
  m_CorrespondingSourceObject: {fileID: 0}
  m_PrefabInstance: {fileID: 0}
  m_PrefabAsset: {fileID: 0}
  serializedVersion: 6
  m_Component:
  - component: {fileID: 1332324230}
  m_Layer: 0
  m_Name: TwoCircles
  m_TagString: Untagged
  m_Icon: {fileID: 0}
  m_NavMeshLayer: 0
  m_StaticEditorFlags: 0
  m_IsActive: 1
--- !u!4 &1332324230
Transform:
  m_ObjectHideFlags: 0
  m_CorrespondingSourceObject: {fileID: 0}
  m_PrefabInstance: {fileID: 0}
  m_PrefabAsset: {fileID: 0}
  m_GameObject: {fileID: 1332324229}
  m_LocalRotation: {x: -0, y: -0, z: -0, w: 1}
  m_LocalPosition: {x: -1.1957088, y: 13.730806, z: 6.3964844}
  m_LocalScale: {x: 1, y: 1, z: 1}
  m_Children:
  - {fileID: 1378078184}
  - {fileID: 737555485}
  m_Father: {fileID: 2094475455}
  m_RootOrder: 7
  m_LocalEulerAnglesHint: {x: 0, y: 0, z: 0}
--- !u!4 &1378078184 stripped
Transform:
  m_CorrespondingSourceObject: {fileID: 6895753605887975376, guid: 7bfcc67aff86d454ba8d25e79772b980,
    type: 3}
  m_PrefabInstance: {fileID: 1544233109}
  m_PrefabAsset: {fileID: 0}
--- !u!1 &1382932353
GameObject:
  m_ObjectHideFlags: 0
  m_CorrespondingSourceObject: {fileID: 0}
  m_PrefabInstance: {fileID: 0}
  m_PrefabAsset: {fileID: 0}
  serializedVersion: 6
  m_Component:
  - component: {fileID: 1382932355}
  - component: {fileID: 1382932354}
  - component: {fileID: 1382932356}
  m_Layer: 0
  m_Name: Finish
  m_TagString: Finish
  m_Icon: {fileID: 0}
  m_NavMeshLayer: 0
  m_StaticEditorFlags: 0
  m_IsActive: 1
--- !u!212 &1382932354
SpriteRenderer:
  m_ObjectHideFlags: 0
  m_CorrespondingSourceObject: {fileID: 0}
  m_PrefabInstance: {fileID: 0}
  m_PrefabAsset: {fileID: 0}
  m_GameObject: {fileID: 1382932353}
  m_Enabled: 1
  m_CastShadows: 0
  m_ReceiveShadows: 0
  m_DynamicOccludee: 1
  m_MotionVectors: 1
  m_LightProbeUsage: 1
  m_ReflectionProbeUsage: 1
  m_RayTracingMode: 0
  m_RenderingLayerMask: 1
  m_RendererPriority: 0
  m_Materials:
  - {fileID: 10754, guid: 0000000000000000f000000000000000, type: 0}
  m_StaticBatchInfo:
    firstSubMesh: 0
    subMeshCount: 0
  m_StaticBatchRoot: {fileID: 0}
  m_ProbeAnchor: {fileID: 0}
  m_LightProbeVolumeOverride: {fileID: 0}
  m_ScaleInLightmap: 1
  m_ReceiveGI: 1
  m_PreserveUVs: 0
  m_IgnoreNormalsForChartDetection: 0
  m_ImportantGI: 0
  m_StitchLightmapSeams: 1
  m_SelectedEditorRenderState: 0
  m_MinimumChartSize: 4
  m_AutoUVMaxDistance: 0.5
  m_AutoUVMaxAngle: 89
  m_LightmapParameters: {fileID: 0}
  m_SortingLayerID: 0
  m_SortingLayer: 0
  m_SortingOrder: 0
  m_Sprite: {fileID: 21300000, guid: b963469b0579cac469866aa259be4ecd, type: 3}
  m_Color: {r: 1, g: 1, b: 1, a: 1}
  m_FlipX: 0
  m_FlipY: 0
  m_DrawMode: 0
  m_Size: {x: 3.73, y: 0.88}
  m_AdaptiveModeThreshold: 0.5
  m_SpriteTileMode: 0
  m_WasSpriteAssigned: 1
  m_MaskInteraction: 0
  m_SpriteSortPoint: 0
--- !u!4 &1382932355
Transform:
  m_ObjectHideFlags: 0
  m_CorrespondingSourceObject: {fileID: 0}
  m_PrefabInstance: {fileID: 0}
  m_PrefabAsset: {fileID: 0}
  m_GameObject: {fileID: 1382932353}
  m_LocalRotation: {x: 0, y: 0, z: 0, w: 1}
  m_LocalPosition: {x: 0, y: 46.13, z: 0}
  m_LocalScale: {x: 1, y: 1, z: 1}
  m_Children: []
  m_Father: {fileID: 0}
  m_RootOrder: 5
  m_LocalEulerAnglesHint: {x: 0, y: 0, z: 0}
--- !u!60 &1382932356
PolygonCollider2D:
  m_ObjectHideFlags: 0
  m_CorrespondingSourceObject: {fileID: 0}
  m_PrefabInstance: {fileID: 0}
  m_PrefabAsset: {fileID: 0}
  m_GameObject: {fileID: 1382932353}
  m_Enabled: 1
  m_Density: 1
  m_Material: {fileID: 0}
  m_IsTrigger: 1
  m_UsedByEffector: 0
  m_UsedByComposite: 0
  m_Offset: {x: 0, y: 0}
  m_SpriteTilingProperty:
    border: {x: 0, y: 0, z: 0, w: 0}
    pivot: {x: 0.5, y: 0.5}
    oldSize: {x: 3.73, y: 0.88}
    newSize: {x: 3.73, y: 0.88}
    adaptiveTilingThreshold: 0.5
    drawMode: 0
    adaptiveTiling: 0
  m_AutoTiling: 0
  m_Points:
    m_Paths:
    - - {x: 0.415, y: -0.39}
      - {x: 0.66499996, y: -0.39}
      - {x: 0.66499996, y: -0.25}
      - {x: 0.575, y: -0.08}
      - {x: 0.415, y: -0.08}
    - - {x: 0.715, y: 0.39}
      - {x: 0.59499997, y: 0.39}
      - {x: 0.415, y: 0.32}
      - {x: 0.415, y: 0.02}
      - {x: 0.445, y: -0.03}
      - {x: 0.73499995, y: -0.24}
      - {x: 0.66499996, y: -0.28}
      - {x: 0.655, y: -0.37}
      - {x: 0.655, y: -0.39}
      - {x: 0.825, y: -0.39}
      - {x: 0.965, y: -0.34}
      - {x: 0.965, y: 0.06}
      - {x: 0.825, y: 0.12}
    - - {x: -1.505, y: 0.38}
      - {x: -1.735, y: 0.38}
      - {x: -1.755, y: 0.35999998}
      - {x: -1.755, y: -0.35999998}
      - {x: -1.7149999, y: -0.38}
      - {x: -1.375, y: -0.38}
      - {x: -1.375, y: 0.03}
      - {x: -1.415, y: 0.35999998}
    - - {x: -1.155, y: 0.37}
      - {x: -1.155, y: -0.38}
      - {x: -0.825, y: -0.38}
      - {x: -0.775, y: -0.37}
      - {x: -0.775, y: 0.37}
    - - {x: -0.625, y: 0.17999999}
      - {x: -0.655, y: 0.17}
      - {x: -0.72499996, y: -0.17}
      - {x: -0.72499996, y: -0.38}
      - {x: -0.475, y: -0.38}
      - {x: -0.475, y: -0.19}
      - {x: -0.585, y: 0.17}
    - - {x: -0.035, y: 0.34}
      - {x: -0.044999998, y: 0.37}
      - {x: -0.255, y: 0.37}
      - {x: -0.285, y: 0.35}
      - {x: -0.275, y: 0.17999999}
      - {x: -0.385, y: 0.37}
      - {x: -0.72499996, y: 0.37}
      - {x: -0.72499996, y: 0.28}
      - {x: -0.695, y: 0.22}
      - {x: -0.325, y: -0.32999998}
      - {x: -0.275, y: -0.38}
      - {x: -0.145, y: -0.38}
      - {x: -0.085, y: -0.35999998}
      - {x: -0.085, y: 0.22}
      - {x: -0.035, y: 0.29}
    - - {x: 0.005, y: 0.37}
      - {x: -0.005, y: 0.34}
      - {x: -0.005, y: -0.38}
      - {x: 0.325, y: -0.38}
      - {x: 0.36499998, y: -0.37}
      - {x: 0.36499998, y: 0.37}
    - - {x: 1.025, y: 0.37}
      - {x: 1.025, y: -0.38}
      - {x: 1.355, y: -0.38}
      - {x: 1.395, y: -0.37}
      - {x: 1.395, y: 0.37}
    - - {x: 1.365, y: 0.37}
      - {x: 1.355, y: 0.34}
      - {x: 1.355, y: -0.35999998}
      - {x: 1.365, y: -0.38}
      - {x: 1.755, y: -0.38}
      - {x: 1.765, y: -0.35999998}
      - {x: 1.765, y: 0.35999998}
      - {x: 1.735, y: 0.37}
    - - {x: -1.355, y: 0.17}
      - {x: -1.425, y: 0.07}
      - {x: -1.425, y: -0.04}
      - {x: -1.345, y: -0.14999999}
      - {x: -1.285, y: -0.14999999}
      - {x: -1.265, y: -0.12}
      - {x: -1.265, y: 0.14}
      - {x: -1.305, y: 0.17}
    - - {x: 0.695, y: 0.38}
      - {x: 0.695, y: 0.29}
      - {x: 0.865, y: 0.099999994}
      - {x: 0.91499996, y: 0.099999994}
      - {x: 0.945, y: 0.12}
      - {x: 0.945, y: 0.38}
    - - {x: -1.425, y: 0.37}
      - {x: -1.425, y: 0.25}
      - {x: -1.3349999, y: 0.12}
      - {x: -1.185, y: 0.12}
      - {x: -1.175, y: 0.14}
      - {x: -1.175, y: 0.37}
--- !u!1 &1401690766
GameObject:
  m_ObjectHideFlags: 0
  m_CorrespondingSourceObject: {fileID: 0}
  m_PrefabInstance: {fileID: 0}
  m_PrefabAsset: {fileID: 0}
  serializedVersion: 6
  m_Component:
  - component: {fileID: 1401690767}
  m_Layer: 0
  m_Name: DoubleCircle
  m_TagString: Untagged
  m_Icon: {fileID: 0}
  m_NavMeshLayer: 0
  m_StaticEditorFlags: 0
  m_IsActive: 1
--- !u!4 &1401690767
Transform:
  m_ObjectHideFlags: 0
  m_CorrespondingSourceObject: {fileID: 0}
  m_PrefabInstance: {fileID: 0}
  m_PrefabAsset: {fileID: 0}
  m_GameObject: {fileID: 1401690766}
  m_LocalRotation: {x: -0, y: -0, z: -0, w: 1}
  m_LocalPosition: {x: -1.0007621, y: 7.620807, z: 12.849907}
  m_LocalScale: {x: 1, y: 1, z: 1}
  m_Children:
  - {fileID: 436625479}
  - {fileID: 1507044402}
  m_Father: {fileID: 2094475455}
  m_RootOrder: 5
  m_LocalEulerAnglesHint: {x: 0, y: 0, z: 0}
--- !u!4 &1507044402 stripped
Transform:
  m_CorrespondingSourceObject: {fileID: 6895753605887975376, guid: 7bfcc67aff86d454ba8d25e79772b980,
    type: 3}
  m_PrefabInstance: {fileID: 1852860702}
  m_PrefabAsset: {fileID: 0}
--- !u!1001 &1544233109
PrefabInstance:
  m_ObjectHideFlags: 0
  serializedVersion: 2
  m_Modification:
    m_TransformParent: {fileID: 1332324230}
    m_Modifications:
    - target: {fileID: 6895753605887975376, guid: 7bfcc67aff86d454ba8d25e79772b980,
        type: 3}
      propertyPath: m_RootOrder
      value: 0
      objectReference: {fileID: 0}
    - target: {fileID: 6895753605887975376, guid: 7bfcc67aff86d454ba8d25e79772b980,
        type: 3}
      propertyPath: m_LocalPosition.x
      value: -1.09
      objectReference: {fileID: 0}
    - target: {fileID: 6895753605887975376, guid: 7bfcc67aff86d454ba8d25e79772b980,
        type: 3}
      propertyPath: m_LocalPosition.y
      value: 8.68
      objectReference: {fileID: 0}
    - target: {fileID: 6895753605887975376, guid: 7bfcc67aff86d454ba8d25e79772b980,
        type: 3}
      propertyPath: m_LocalPosition.z
      value: 8.19
      objectReference: {fileID: 0}
    - target: {fileID: 6895753605887975376, guid: 7bfcc67aff86d454ba8d25e79772b980,
        type: 3}
      propertyPath: m_LocalRotation.w
      value: -0.002122529
      objectReference: {fileID: 0}
    - target: {fileID: 6895753605887975376, guid: 7bfcc67aff86d454ba8d25e79772b980,
        type: 3}
      propertyPath: m_LocalRotation.x
      value: 0.00004714514
      objectReference: {fileID: 0}
    - target: {fileID: 6895753605887975376, guid: 7bfcc67aff86d454ba8d25e79772b980,
        type: 3}
      propertyPath: m_LocalRotation.y
      value: -0.99975115
      objectReference: {fileID: 0}
    - target: {fileID: 6895753605887975376, guid: 7bfcc67aff86d454ba8d25e79772b980,
        type: 3}
      propertyPath: m_LocalRotation.z
      value: 0.022206213
      objectReference: {fileID: 0}
    - target: {fileID: 6895753605887975376, guid: 7bfcc67aff86d454ba8d25e79772b980,
        type: 3}
      propertyPath: m_LocalEulerAnglesHint.x
      value: 2.545
      objectReference: {fileID: 0}
    - target: {fileID: 6895753605887975376, guid: 7bfcc67aff86d454ba8d25e79772b980,
        type: 3}
      propertyPath: m_LocalEulerAnglesHint.y
      value: -180.24399
      objectReference: {fileID: 0}
    - target: {fileID: 6895753605887975376, guid: 7bfcc67aff86d454ba8d25e79772b980,
        type: 3}
      propertyPath: m_LocalEulerAnglesHint.z
      value: -0.011000001
      objectReference: {fileID: 0}
    - target: {fileID: 6895753605887975377, guid: 7bfcc67aff86d454ba8d25e79772b980,
        type: 3}
      propertyPath: m_Name
      value: FirstCircle
      objectReference: {fileID: 0}
    - target: {fileID: 6895753605981459693, guid: 7bfcc67aff86d454ba8d25e79772b980,
        type: 3}
      propertyPath: m_IsTrigger
      value: 0
      objectReference: {fileID: 0}
    - target: {fileID: 6895753606006507913, guid: 7bfcc67aff86d454ba8d25e79772b980,
        type: 3}
      propertyPath: m_IsTrigger
      value: 0
      objectReference: {fileID: 0}
    - target: {fileID: 6895753606522340558, guid: 7bfcc67aff86d454ba8d25e79772b980,
        type: 3}
      propertyPath: m_IsTrigger
      value: 0
      objectReference: {fileID: 0}
    - target: {fileID: 6895753607794468493, guid: 7bfcc67aff86d454ba8d25e79772b980,
        type: 3}
      propertyPath: m_IsTrigger
      value: 0
      objectReference: {fileID: 0}
    m_RemovedComponents: []
  m_SourcePrefab: {fileID: 100100000, guid: 7bfcc67aff86d454ba8d25e79772b980, type: 3}
--- !u!1001 &1852860702
PrefabInstance:
  m_ObjectHideFlags: 0
  serializedVersion: 2
  m_Modification:
    m_TransformParent: {fileID: 1401690767}
    m_Modifications:
    - target: {fileID: 6895753605887975376, guid: 7bfcc67aff86d454ba8d25e79772b980,
        type: 3}
      propertyPath: m_RootOrder
      value: 1
      objectReference: {fileID: 0}
    - target: {fileID: 6895753605887975376, guid: 7bfcc67aff86d454ba8d25e79772b980,
        type: 3}
      propertyPath: m_LocalScale.x
      value: 1.3
      objectReference: {fileID: 0}
    - target: {fileID: 6895753605887975376, guid: 7bfcc67aff86d454ba8d25e79772b980,
        type: 3}
      propertyPath: m_LocalScale.y
      value: 1.3
      objectReference: {fileID: 0}
    - target: {fileID: 6895753605887975376, guid: 7bfcc67aff86d454ba8d25e79772b980,
        type: 3}
      propertyPath: m_LocalScale.z
      value: 1.3
      objectReference: {fileID: 0}
    - target: {fileID: 6895753605887975376, guid: 7bfcc67aff86d454ba8d25e79772b980,
        type: 3}
      propertyPath: m_LocalPosition.x
      value: 0.4855735
      objectReference: {fileID: 0}
    - target: {fileID: 6895753605887975376, guid: 7bfcc67aff86d454ba8d25e79772b980,
        type: 3}
      propertyPath: m_LocalPosition.y
      value: -0.44782972
      objectReference: {fileID: 0}
    - target: {fileID: 6895753605887975376, guid: 7bfcc67aff86d454ba8d25e79772b980,
        type: 3}
      propertyPath: m_LocalPosition.z
      value: 1.7457964
      objectReference: {fileID: 0}
    - target: {fileID: 6895753605887975376, guid: 7bfcc67aff86d454ba8d25e79772b980,
        type: 3}
      propertyPath: m_LocalRotation.w
      value: 1
      objectReference: {fileID: 0}
    - target: {fileID: 6895753605887975376, guid: 7bfcc67aff86d454ba8d25e79772b980,
        type: 3}
      propertyPath: m_LocalRotation.x
      value: -0
      objectReference: {fileID: 0}
    - target: {fileID: 6895753605887975376, guid: 7bfcc67aff86d454ba8d25e79772b980,
        type: 3}
      propertyPath: m_LocalRotation.y
      value: -0
      objectReference: {fileID: 0}
    - target: {fileID: 6895753605887975376, guid: 7bfcc67aff86d454ba8d25e79772b980,
        type: 3}
      propertyPath: m_LocalRotation.z
      value: -0
      objectReference: {fileID: 0}
    - target: {fileID: 6895753605887975376, guid: 7bfcc67aff86d454ba8d25e79772b980,
        type: 3}
      propertyPath: m_LocalEulerAnglesHint.x
      value: 0
      objectReference: {fileID: 0}
    - target: {fileID: 6895753605887975376, guid: 7bfcc67aff86d454ba8d25e79772b980,
        type: 3}
      propertyPath: m_LocalEulerAnglesHint.y
      value: 0
      objectReference: {fileID: 0}
    - target: {fileID: 6895753605887975376, guid: 7bfcc67aff86d454ba8d25e79772b980,
        type: 3}
      propertyPath: m_LocalEulerAnglesHint.z
      value: 0
      objectReference: {fileID: 0}
    - target: {fileID: 6895753605887975377, guid: 7bfcc67aff86d454ba8d25e79772b980,
        type: 3}
      propertyPath: m_Name
      value: OuterCircle
      objectReference: {fileID: 0}
    - target: {fileID: 6895753605981459693, guid: 7bfcc67aff86d454ba8d25e79772b980,
        type: 3}
      propertyPath: m_IsTrigger
      value: 0
      objectReference: {fileID: 0}
    - target: {fileID: 6895753606006507913, guid: 7bfcc67aff86d454ba8d25e79772b980,
        type: 3}
      propertyPath: m_IsTrigger
      value: 0
      objectReference: {fileID: 0}
    - target: {fileID: 6895753606522340558, guid: 7bfcc67aff86d454ba8d25e79772b980,
        type: 3}
      propertyPath: m_IsTrigger
      value: 0
      objectReference: {fileID: 0}
    - target: {fileID: 6895753607794468493, guid: 7bfcc67aff86d454ba8d25e79772b980,
        type: 3}
      propertyPath: m_IsTrigger
      value: 0
      objectReference: {fileID: 0}
    m_RemovedComponents: []
  m_SourcePrefab: {fileID: 100100000, guid: 7bfcc67aff86d454ba8d25e79772b980, type: 3}
--- !u!4 &1862604517 stripped
Transform:
  m_CorrespondingSourceObject: {fileID: 6895753605887975376, guid: 7bfcc67aff86d454ba8d25e79772b980,
    type: 3}
  m_PrefabInstance: {fileID: 6895753607448578357}
  m_PrefabAsset: {fileID: 0}
--- !u!1001 &1985786825
PrefabInstance:
  m_ObjectHideFlags: 0
  serializedVersion: 2
  m_Modification:
    m_TransformParent: {fileID: 2094475455}
    m_Modifications:
    - target: {fileID: 6895753605887975376, guid: 7bfcc67aff86d454ba8d25e79772b980,
        type: 3}
      propertyPath: m_RootOrder
      value: 3
      objectReference: {fileID: 0}
    - target: {fileID: 6895753605887975376, guid: 7bfcc67aff86d454ba8d25e79772b980,
        type: 3}
      propertyPath: m_LocalPosition.x
      value: -0.5151886
      objectReference: {fileID: 0}
    - target: {fileID: 6895753605887975376, guid: 7bfcc67aff86d454ba8d25e79772b980,
        type: 3}
      propertyPath: m_LocalPosition.y
      value: 14.230805
      objectReference: {fileID: 0}
    - target: {fileID: 6895753605887975376, guid: 7bfcc67aff86d454ba8d25e79772b980,
        type: 3}
      propertyPath: m_LocalPosition.z
      value: 14.595703
      objectReference: {fileID: 0}
    - target: {fileID: 6895753605887975376, guid: 7bfcc67aff86d454ba8d25e79772b980,
        type: 3}
      propertyPath: m_LocalRotation.w
      value: 1
      objectReference: {fileID: 0}
    - target: {fileID: 6895753605887975376, guid: 7bfcc67aff86d454ba8d25e79772b980,
        type: 3}
      propertyPath: m_LocalRotation.x
      value: -0
      objectReference: {fileID: 0}
    - target: {fileID: 6895753605887975376, guid: 7bfcc67aff86d454ba8d25e79772b980,
        type: 3}
      propertyPath: m_LocalRotation.y
      value: -0
      objectReference: {fileID: 0}
    - target: {fileID: 6895753605887975376, guid: 7bfcc67aff86d454ba8d25e79772b980,
        type: 3}
      propertyPath: m_LocalRotation.z
      value: -0
      objectReference: {fileID: 0}
    - target: {fileID: 6895753605887975376, guid: 7bfcc67aff86d454ba8d25e79772b980,
        type: 3}
      propertyPath: m_LocalEulerAnglesHint.x
      value: 0
      objectReference: {fileID: 0}
    - target: {fileID: 6895753605887975376, guid: 7bfcc67aff86d454ba8d25e79772b980,
        type: 3}
      propertyPath: m_LocalEulerAnglesHint.y
      value: 0
      objectReference: {fileID: 0}
    - target: {fileID: 6895753605887975376, guid: 7bfcc67aff86d454ba8d25e79772b980,
        type: 3}
      propertyPath: m_LocalEulerAnglesHint.z
      value: 0
      objectReference: {fileID: 0}
    - target: {fileID: 6895753605887975377, guid: 7bfcc67aff86d454ba8d25e79772b980,
        type: 3}
      propertyPath: m_Name
      value: Circle2
      objectReference: {fileID: 0}
    - target: {fileID: 6895753605981459693, guid: 7bfcc67aff86d454ba8d25e79772b980,
        type: 3}
      propertyPath: m_IsTrigger
      value: 0
      objectReference: {fileID: 0}
    - target: {fileID: 6895753606006507913, guid: 7bfcc67aff86d454ba8d25e79772b980,
        type: 3}
      propertyPath: m_IsTrigger
      value: 0
      objectReference: {fileID: 0}
    - target: {fileID: 6895753606522340558, guid: 7bfcc67aff86d454ba8d25e79772b980,
        type: 3}
      propertyPath: m_IsTrigger
      value: 0
      objectReference: {fileID: 0}
    - target: {fileID: 6895753607794468493, guid: 7bfcc67aff86d454ba8d25e79772b980,
        type: 3}
      propertyPath: m_IsTrigger
      value: 0
      objectReference: {fileID: 0}
    m_RemovedComponents: []
  m_SourcePrefab: {fileID: 100100000, guid: 7bfcc67aff86d454ba8d25e79772b980, type: 3}
--- !u!1 &2087879874
GameObject:
  m_ObjectHideFlags: 0
  m_CorrespondingSourceObject: {fileID: 0}
  m_PrefabInstance: {fileID: 0}
  m_PrefabAsset: {fileID: 0}
  serializedVersion: 6
  m_Component:
  - component: {fileID: 2087879876}
  - component: {fileID: 2087879875}
  - component: {fileID: 2087879877}
  m_Layer: 0
  m_Name: ChangeColor
  m_TagString: ChangeColor
  m_Icon: {fileID: 0}
  m_NavMeshLayer: 0
  m_StaticEditorFlags: 0
  m_IsActive: 1
--- !u!212 &2087879875
SpriteRenderer:
  m_ObjectHideFlags: 0
  m_CorrespondingSourceObject: {fileID: 0}
  m_PrefabInstance: {fileID: 0}
  m_PrefabAsset: {fileID: 0}
  m_GameObject: {fileID: 2087879874}
  m_Enabled: 1
  m_CastShadows: 0
  m_ReceiveShadows: 0
  m_DynamicOccludee: 1
  m_MotionVectors: 1
  m_LightProbeUsage: 1
  m_ReflectionProbeUsage: 1
  m_RayTracingMode: 0
  m_RenderingLayerMask: 1
  m_RendererPriority: 0
  m_Materials:
  - {fileID: 10754, guid: 0000000000000000f000000000000000, type: 0}
  m_StaticBatchInfo:
    firstSubMesh: 0
    subMeshCount: 0
  m_StaticBatchRoot: {fileID: 0}
  m_ProbeAnchor: {fileID: 0}
  m_LightProbeVolumeOverride: {fileID: 0}
  m_ScaleInLightmap: 1
  m_ReceiveGI: 1
  m_PreserveUVs: 0
  m_IgnoreNormalsForChartDetection: 0
  m_ImportantGI: 0
  m_StitchLightmapSeams: 1
  m_SelectedEditorRenderState: 0
  m_MinimumChartSize: 4
  m_AutoUVMaxDistance: 0.5
  m_AutoUVMaxAngle: 89
  m_LightmapParameters: {fileID: 0}
  m_SortingLayerID: 0
  m_SortingLayer: 0
  m_SortingOrder: 0
  m_Sprite: {fileID: 21300000, guid: 969e5b0cbb489a148bb12bdef261081b, type: 3}
  m_Color: {r: 1, g: 1, b: 1, a: 1}
  m_FlipX: 0
  m_FlipY: 0
  m_DrawMode: 0
  m_Size: {x: 0.65, y: 0.62}
  m_AdaptiveModeThreshold: 0.5
  m_SpriteTileMode: 0
  m_WasSpriteAssigned: 1
  m_MaskInteraction: 0
  m_SpriteSortPoint: 0
--- !u!4 &2087879876
Transform:
  m_ObjectHideFlags: 0
  m_CorrespondingSourceObject: {fileID: 0}
  m_PrefabInstance: {fileID: 0}
  m_PrefabAsset: {fileID: 0}
  m_GameObject: {fileID: 2087879874}
  m_LocalRotation: {x: -0, y: -0, z: -0, w: 1}
  m_LocalPosition: {x: -0.5151886, y: 2.0708065, z: 14.595703}
  m_LocalScale: {x: 1, y: 1, z: 1}
  m_Children: []
  m_Father: {fileID: 2094475455}
  m_RootOrder: 0
  m_LocalEulerAnglesHint: {x: 0, y: 0, z: 0}
--- !u!58 &2087879877
CircleCollider2D:
  m_ObjectHideFlags: 0
  m_CorrespondingSourceObject: {fileID: 0}
  m_PrefabInstance: {fileID: 0}
  m_PrefabAsset: {fileID: 0}
  m_GameObject: {fileID: 2087879874}
  m_Enabled: 1
  m_Density: 1
  m_Material: {fileID: 0}
  m_IsTrigger: 1
  m_UsedByEffector: 0
  m_UsedByComposite: 0
  m_Offset: {x: 0, y: 0}
  serializedVersion: 2
  m_Radius: 0.325
--- !u!1 &2094475454
GameObject:
  m_ObjectHideFlags: 0
  m_CorrespondingSourceObject: {fileID: 0}
  m_PrefabInstance: {fileID: 0}
  m_PrefabAsset: {fileID: 0}
  serializedVersion: 6
  m_Component:
  - component: {fileID: 2094475455}
  m_Layer: 0
  m_Name: Attributes
  m_TagString: Untagged
  m_Icon: {fileID: 0}
  m_NavMeshLayer: 0
  m_StaticEditorFlags: 0
  m_IsActive: 1
--- !u!4 &2094475455
Transform:
  m_ObjectHideFlags: 0
  m_CorrespondingSourceObject: {fileID: 0}
  m_PrefabInstance: {fileID: 0}
  m_PrefabAsset: {fileID: 0}
  m_GameObject: {fileID: 2094475454}
  m_LocalRotation: {x: 0, y: 0, z: 0, w: 1}
  m_LocalPosition: {x: 0.5151886, y: 1.8991934, z: -14.595703}
  m_LocalScale: {x: 1, y: 1, z: 1}
  m_Children:
  - {fileID: 2087879876}
  - {fileID: 1155272952}
  - {fileID: 1862604517}
  - {fileID: 564041474}
  - {fileID: 627156964}
  - {fileID: 1401690767}
  - {fileID: 766984459}
  - {fileID: 1332324230}
  m_Father: {fileID: 0}
  m_RootOrder: 4
  m_LocalEulerAnglesHint: {x: 0, y: 0, z: 0}
--- !u!1001 &6895753607448578357
PrefabInstance:
  m_ObjectHideFlags: 0
  serializedVersion: 2
  m_Modification:
    m_TransformParent: {fileID: 2094475455}
    m_Modifications:
    - target: {fileID: 6895753605887975376, guid: 7bfcc67aff86d454ba8d25e79772b980,
        type: 3}
      propertyPath: m_RootOrder
      value: 2
      objectReference: {fileID: 0}
    - target: {fileID: 6895753605887975376, guid: 7bfcc67aff86d454ba8d25e79772b980,
        type: 3}
      propertyPath: m_LocalPosition.x
      value: -0.5151886
      objectReference: {fileID: 0}
    - target: {fileID: 6895753605887975376, guid: 7bfcc67aff86d454ba8d25e79772b980,
        type: 3}
      propertyPath: m_LocalPosition.y
      value: -1.8991934
      objectReference: {fileID: 0}
    - target: {fileID: 6895753605887975376, guid: 7bfcc67aff86d454ba8d25e79772b980,
        type: 3}
      propertyPath: m_LocalPosition.z
      value: 14.595703
      objectReference: {fileID: 0}
    - target: {fileID: 6895753605887975376, guid: 7bfcc67aff86d454ba8d25e79772b980,
        type: 3}
      propertyPath: m_LocalRotation.w
      value: 1
      objectReference: {fileID: 0}
    - target: {fileID: 6895753605887975376, guid: 7bfcc67aff86d454ba8d25e79772b980,
        type: 3}
      propertyPath: m_LocalRotation.x
      value: -0
      objectReference: {fileID: 0}
    - target: {fileID: 6895753605887975376, guid: 7bfcc67aff86d454ba8d25e79772b980,
        type: 3}
      propertyPath: m_LocalRotation.y
      value: -0
      objectReference: {fileID: 0}
    - target: {fileID: 6895753605887975376, guid: 7bfcc67aff86d454ba8d25e79772b980,
        type: 3}
      propertyPath: m_LocalRotation.z
      value: -0
      objectReference: {fileID: 0}
    - target: {fileID: 6895753605887975376, guid: 7bfcc67aff86d454ba8d25e79772b980,
        type: 3}
      propertyPath: m_LocalEulerAnglesHint.x
      value: 0
      objectReference: {fileID: 0}
    - target: {fileID: 6895753605887975376, guid: 7bfcc67aff86d454ba8d25e79772b980,
        type: 3}
      propertyPath: m_LocalEulerAnglesHint.y
      value: 0
      objectReference: {fileID: 0}
    - target: {fileID: 6895753605887975376, guid: 7bfcc67aff86d454ba8d25e79772b980,
        type: 3}
      propertyPath: m_LocalEulerAnglesHint.z
      value: 0
      objectReference: {fileID: 0}
    - target: {fileID: 6895753605887975377, guid: 7bfcc67aff86d454ba8d25e79772b980,
        type: 3}
      propertyPath: m_Name
      value: Circle1
      objectReference: {fileID: 0}
    - target: {fileID: 6895753605981459693, guid: 7bfcc67aff86d454ba8d25e79772b980,
        type: 3}
      propertyPath: m_IsTrigger
      value: 0
      objectReference: {fileID: 0}
    - target: {fileID: 6895753606006507913, guid: 7bfcc67aff86d454ba8d25e79772b980,
        type: 3}
      propertyPath: m_IsTrigger
      value: 0
      objectReference: {fileID: 0}
    - target: {fileID: 6895753606522340558, guid: 7bfcc67aff86d454ba8d25e79772b980,
        type: 3}
      propertyPath: m_IsTrigger
      value: 0
      objectReference: {fileID: 0}
    - target: {fileID: 6895753607794468493, guid: 7bfcc67aff86d454ba8d25e79772b980,
        type: 3}
      propertyPath: m_IsTrigger
      value: 0
      objectReference: {fileID: 0}
    m_RemovedComponents: []
  m_SourcePrefab: {fileID: 100100000, guid: 7bfcc67aff86d454ba8d25e79772b980, type: 3}
